@ARTICLE{2007:wang-jia,
  author = {Wang, W. and Jia, X.},
  title = {An Empirical {B}ayesian Based Approach to Delay Time Inspection Model Parameters Estimation Using Both Subjective and Objective Data},
  journal = {Quality and Reliability Engineering International},
  year = {2007},
  volume = {23},
  pages = {95--105},
  doi = {10.1002/qre.815},
}

@ARTICLE{2011:elwany-et-al,
  author = {Alaa H. Elwany and Nagi Z. Gebraeel and Lisa M. Maillard},
  title = {Structured Replacement Policies for Components with Complex Degradation Processes and Dedicated Sensors},
  journal = {Operations Research},
  year = {2011},
  volume = {59},
  number = {3},
  pages = {684--695},
  doi = {10.1287/opre.1110.0912},
}
